%% This BibTeX bibliography file was created using BibDesk.
%% http://bibdesk.sourceforge.net/

%% Created for Andrew Hedding at 2017-03-25 10:58:36 -0700 


%% Saved with string encoding Unicode (UTF-8) 



@book{hayes1995,
	Author = {Bruce Hayes},
	Date-Added = {2017-03-25 17:20:42 +0000},
	Date-Modified = {2017-03-25 17:22:03 +0000},
	Publisher = {The University of Chicago Press},
	Title = {Metrical Stress Theory},
	Year = {1995}}

@incollection{sande2017,
	Author = {Hannah Sande and Andrew Hedding},
	Booktitle = {Syllable weight in {A}frican languages},
	Chapter = {4},
	Date-Added = {2017-03-25 17:13:28 +0000},
	Date-Modified = {2017-03-25 17:17:28 +0000},
	Editor = {Paul Newman},
	Pages = {69-82},
	Publisher = {John Benjamins},
	Title = {Syllable weight in {A}mharic},
	Year = {2017}}

@book{leslau-amharic-grammar,
	Author = {Wolf Leslau},
	Date-Added = {2017-03-25 16:19:04 +0000},
	Date-Modified = {2017-03-25 16:21:26 +0000},
	Keywords = {amharic, descriptive grammars},
	Publisher = {Harrassowitz Verlag},
	Title = {Introductory Grammar of {A}mharic},
	Year = {2000}}

@conference{sande-hedding14,
	Author = {Hannah Sande and Andrew Hedding},
	Booktitle = {LSA, Minneapolis},
	Date-Added = {2017-03-25 15:43:21 +0000},
	Date-Modified = {2017-03-25 17:58:36 +0000},
	Keywords = {phonology, geminates, weight},
	Month = {Jan 2-5.},
	Title = {Geminates and Weight in {A}mharic},
	Year = {2014}}

@book{fox2002,
	Author = {Anthony Fox},
	Date-Added = {2017-03-13 23:06:54 +0000},
	Date-Modified = {2017-03-25 16:01:28 +0000},
	Keywords = {phonology, stress, typology},
	Publisher = {Oxford University Press},
	Read = {0},
	Title = {Prosodic Features and Prosodic Structure: The Phonology of \lq Suprasegmentals\rq},
	Year = {2002}}
