%% This BibTeX bibliography file was created using BibDesk.
%% http://bibdesk.sourceforge.net/

%% Created for Andrew Hedding at 2017-03-13 17:00:20 -0700 


%% Saved with string encoding Unicode (UTF-8) 



@book{fox2002,
	Author = {Anthony Fox},
	Date-Added = {2017-03-13 23:06:54 +0000},
	Date-Modified = {2017-03-13 23:18:22 +0000},
	Publisher = {Oxford University Press},
	Read = {0},
	Title = {Prosodic Features and Prosodic Structure: The Phonology of `Suprasegmentals'},
	Year = {2002}}
